@inproceedings{probnetkat,
  title={Probabilistic netkat},
  author={Foster, Nate and Kozen, Dexter and Mamouras, Konstantinos and Reitblatt, Mark and Silva, Alexandra},
  booktitle={European Symposium on Programming Languages and Systems},
  pages={282--309},
  year={2016},
  organization={Springer}
}
@inproceedings{probnetkatpopl17,
	author = {Smolka, Steffen and Kumar, Praveen and Foster, Nate and Kozen, Dexter and Silva, Alexandra},
	title = {Cantor Meets Scott: Semantic Foundations for Probabilistic Networks},
	booktitle = {Proceedings of the 44th ACM SIGPLAN Symposium on Principles of Programming Languages},
	series = {POPL 2017},
	year = {2017},
	isbn = {978-1-4503-4660-3},
	location = {Paris, France},
	pages = {557--571},
	numpages = {15},
	url = {http://doi.acm.org/10.1145/3009837.3009843},
	doi = {10.1145/3009837.3009843},
	acmid = {3009843},
	publisher = {ACM},
	address = {New York, NY, USA},
	keywords = {D.3.1 [Programming Lan- guages]: Formal Definitions and Theory\'{z}Semantics Kleene algebra with tests, Domain theory, NetKAT, Probabilistic semantics, Software-defined networking},
} 
@inproceedings {robustvalidation,
	author = {Yiyang Chang and Sanjay Rao and Mohit Tawarmalani},
	title = {Robust Validation of Network Designs under Uncertain Demands and Failures},
	booktitle = {14th USENIX Symposium on Networked Systems Design and Implementation (NSDI 17)},
	year = {2017},
	isbn = {978-1-931971-37-9},
	address = {Boston, MA},
	pages = {347--362},
	url = {https://www.usenix.org/conference/nsdi17/technical-sessions/presentation/chang},
	publisher = {USENIX Association},
}

@inproceedings{minesweeper,
 author = {Beckett, Ryan and Gupta, Aarti and Mahajan, Ratul and Walker, David},
 title = {A General Approach to Network Configuration Verification},
 booktitle = {Proceedings of the Conference of the ACM Special Interest Group on Data Communication},
 series = {SIGCOMM '17},
 year = {2017},
 isbn = {978-1-4503-4653-5},
 location = {Los Angeles, CA, USA},
 pages = {155--168},
 numpages = {14},
 url = {http://doi.acm.org/10.1145/3098822.3098834},
 doi = {10.1145/3098822.3098834},
 acmid = {3098834},
 publisher = {ACM},
 address = {New York, NY, USA},
 keywords = {Control plane analysis, Network verification},
} 

@inproceedings{arc,
 author = {Gember-Jacobson, Aaron and Viswanathan, Raajay and Akella, Aditya and Mahajan, Ratul},
 title = {Fast Control Plane Analysis Using an Abstract Representation},
 booktitle = {Proceedings of the 2016 ACM SIGCOMM Conference},
 series = {SIGCOMM '16},
 year = {2016},
 isbn = {978-1-4503-4193-6},
 location = {Florianopolis, Brazil},
 pages = {300--313},
 numpages = {14},
 url = {http://doi.acm.org/10.1145/2934872.2934876},
 doi = {10.1145/2934872.2934876},
 acmid = {2934876},
 publisher = {ACM},
 address = {New York, NY, USA},
 keywords = {Network verification, abstract representation, control plane},
}